@techreport{grandin_status_2024,
  title = {Status of the {P}acific {H}ake (whiting) stock in {U}.{S}. and {C}anadian waters in 2024},
  institution = {Joint Technical Committee of the U.S. and Canada Pacific Hake/Whiting Agreement, National Marine Fisheries Service and Fisheries and Oceans Canada.},
  author = {Grandin, C.J. and Johnson K.F. and Edwards A.M. and Berger A.M.},
  year = {2024},
  pages = {246},
}